@article{secure_block_permutation,
author = {Al-Bahadili, H.},
year = {2013},
month = {09},
pages = {11-122},
title = {A Secure Block Permutation Image Steganography Algorithm},
volume = {3},
journal = {International Journal on Cryptography and Information Security},
doi = {10.5121/ijcis.2013.3302}
}

@techreport{rfc2083,
  author = {T. Boutell, et. al.},
  title = {PNG (Portable Network Graphics) Specification},
  howpublished = {Internet Requests for Comments},
  type = {RFC},
  number = 2083,
  year = {1997},
  month = {3},
  issn = {2070-1721},
  publisher = {RFC Editor},
  institution = {RFC Editor},
  address = {https://www.rfc-editor.org/rfc/rfc2083.txt}
}
@techreport{rfc1951,
  author = {P. Deutsch},
  title = {DEFLATE Compressed Data Format Specification version 1.3},
  howpublished = {Internet Requests for Comments},
  type = {RFC},
  number = 1951,
  year = {1996},
  month = {5},
  issn = {2070-1721},
  publisher = {RFC Editor},
  institution = {RFC Editor},
  address = {https://www.rfc-editor.org/rfc/rfc1951.txt}
}

@article{real_time_audio_steganography,
author = {Al-Othmani, Abdulaleem and Manaf, Azizah and Zeki, Akram},
year = {2012},
month = {01},
pages = {},
title = {A Survey on Steganography Techniques in Real Time Audio Signals and Evaluation},
volume = {9},
journal = {International Journal of Computer Science Issues}
}

@article{Shannon1949,
  doi = {10.1109/jrproc.1949.232969},
  address = {https://doi.org/10.1109/jrproc.1949.232969},
  year  = {1949},
  month = {jan},
  publisher = {Institute of Electrical and Electronics Engineers ({IEEE})},
  volume = {37},
  number = {1},
  pages = {10--21},
  author = {C.E. Shannon},
  title = {Communication in the Presence of Noise},
  journal = {Proceedings of the {IRE}}
}

@misc{ganier_hollman_rosser_swanson, title={Frequency Domain Steganography}, howpublished={\url{https://www.clear.rice.edu/elec301/Projects01/smokey_steg/freq.html}}, journal={Steganography in WAV Files}, publisher={RICE University}, author={Ganier, C. J. and Hollman, R. and Rosser, J. and Swanson, E.}} 

@inproceedings{dsss_sstv,
author = {Westfeld, Andreas},
year = {2006},
month = {07},
pages = {201-215},
title = {Steganography for Radio Amateursâ€” A DSSS Based Approach for Slow Scan Television},
volume = {4437},
doi = {10.1007/978-3-540-74124-4_14}
}

@misc{battlefield_wiki, title={Phantom Program}, howpublished={\url{https://battlefield.fandom.com/wiki/Phantom_Program}}, journal={Battlefield Wiki}, publisher={DICE}}

@ARTICLE{genesis_of_mp3,
  author={H. G. {Musmann}},
  journal={IEEE Transactions on Consumer Electronics}, 
  title={Genesis of the MP3 audio coding standard}, 
  year={2006},
  volume={52},
  number={3},
  pages={1043-1049},}


@misc{cmake, title={CMake Documentation}, howpublished={\url{https://cmake.org/documentation/}}, journal={CMake}, publisher={Kitware, Inc.}}

@misc{jarro2783_2020, title={jarro2783/cxxopts}, howpublished={\url{https://github.com/jarro2783/cxxopts/}}, journal={GitHub}, author={jarro2783}, year={2020}, month={Feb}}

@misc{lvandeve_2020, title={lvandeve/lodepng}, howpublished={\url{https://github.com/lvandeve/lodepng}}, journal={GitHub}, author={Vandevenne, Lode}, year={2020}, month={Mar}}

 @misc{robot36_git, title={xdsopl/robot36}, howpublished={\url{https://github.com/xdsopl/robot36/}}, journal={GitHub}, author={Inan, Ahmet}}

@book{stroustrup_2018, place={Upper Saddle River (NJ)}, title={The C programming language}, publisher={Addison-Wesley}, author={Stroustrup, Bjarne}, year={2018}}

@techreport{N4720,
type = {Standard},
key = {ISO/IEC 14882:2017},
month = jan,
year = {2018},
title = {Working Draft, Extensions to C++ for Modules},
address = {https://www.open-std-org/},
institution = {International Standardization Organization}
}

@article{steganography-history,
  title={Information hiding-a survey},
  author={Petitcolas, Fabien AP and Anderson, Ross J and Kuhn, Markus G},
  journal={Proceedings of the IEEE},
  volume={87},
  number={7},
  pages={1062--1078},
  year={1999},
  publisher={IEEE}
}

@misc{steganography-origin, title={Steganography}, howpublished={\url{https://www.merriam-webster.com/dictionary/steganography}}, author={Webster, Merriam}}

@misc{metadata-origin, title={Metadata}, howpublished={\url{https://www.merriam-webster.com/dictionary/metadata}}, author={Webster, Merriam}}

@misc{RFC3514,
  title={RFC3514: The Security Flag in the IPv4 Header},
  author={Bellovin, Steven},
  year={2003},
  month={4},
  publisher={RFC Editor},
  howpublished = {Internet Requests for Comments},
  type = {RFC},
  institution = {RFC Editor},
  address = {https://www.rfc-editor.org/rfc/rfc3514.txt}
}

@article{practical_data_hiding_tcp_ip,
  title={Exploring steganography: Seeing the unseen},
  author={Johnson, Neil F and Jajodia, Sushil},
  journal={Computer},
  volume={31},
  number={2},
  pages={26--34},
  year={1998},
  publisher={IEEE}
}

@inproceedings{seeing-the-unseen,
  title={Practical data hiding in TCP/IP},
  author={Ahsan, Kamran and Kundur, Deepa},
  booktitle={Proc. Workshop on Multimedia Security at ACM Multimedia},
  volume={2},
  number={7},
  pages={1--8},
  year={2002}
}

@inproceedings{overview-image-steganography,
  title={An overview of image steganography.},
  author={Morkel, Tayana and Eloff, Jan HP and Olivier, Martin S},
  booktitle={ISSA},
  volume={1},
  pages={2},
  year={2005}
}

@article{hide-and-seek,
  title={Hide and seek: An introduction to steganography},
  author={Provos, Niels and Honeyman, Peter},
  journal={IEEE security \& privacy},
  volume={1},
  number={3},
  pages={32--44},
  year={2003},
  publisher={IEEE}
}

@inproceedings{attack-on-steganography,
  title={Attacks on steganographic systems},
  author={Westfeld, Andreas and Pfitzmann, Andreas},
  booktitle={International workshop on information hiding},
  pages={61--76},
  year={1999},
  organization={Springer}
}